<?xml version="1.0" encoding="UTF-8"?><collection xmlns="http://www.loc.gov/MARC21/slim"><record><leader>00356nam--2200121-i-4500</leader><controlfield tag="001">000004605</controlfield><controlfield tag="002">20161230</controlfield><controlfield tag="005">20161230201026</controlfield><controlfield tag="008">060222s1000------------r-----000-0-eng-d</controlfield><datafield ind1=" " ind2=" " tag="100"><subfield code="a">Clerc, L. P</subfield></datafield><datafield ind1=" " ind2=" " tag="245"><subfield code="a">La technique photographique. 6-eme edition revue et mise a jour</subfield></datafield><datafield ind1=" " ind2=" " tag="260"><subfield code="a">Paris, Publ.Photo-cinema Paul Montel, 1957</subfield></datafield><datafield ind1=" " ind2=" " tag="490"><subfield code="a">Xvii + 757 P. + 281 Fig</subfield></datafield></record></collection>